<record><leader>00000cas a22000007a 4500</leader><controlfield tag="001">10255115</controlfield><controlfield tag="008">831229d18591879txudr ne      0    0eng d</controlfield><datafield ind1=" " ind2=" " tag="010"><subfield code="a">sn 83021608 </subfield></datafield><datafield ind1=" " ind2=" " tag="040"><subfield code="a">NPX</subfield><subfield code="b">eng</subfield><subfield code="c">NPX</subfield><subfield code="d">NPU</subfield><subfield code="d">PPM</subfield><subfield code="d">OCL</subfield><subfield code="d">OCLCQ</subfield></datafield><datafield ind1="1" ind2=" " tag="041"><subfield code="a">eng</subfield><subfield code="h">spa</subfield></datafield><datafield ind1=" " ind2=" " tag="042"><subfield code="a">msc</subfield></datafield><datafield ind1=" " ind2=" " tag="043"><subfield code="a">n-us-tx</subfield></datafield><datafield ind1="0" ind2="4" tag="245"><subfield code="a">The Daily ranchero and Republican.</subfield></datafield><datafield ind1=" " ind2=" " tag="260"><subfield code="a">Brownsville, Tex. :</subfield><subfield code="b">J.S. Mansur &amp; Co.</subfield></datafield><datafield ind1=" " ind2=" " tag="300"><subfield code="a">volumes :</subfield><subfield code="b">illustrations (chiefly advertisements) ;</subfield><subfield code="c">44-60 cm</subfield></datafield><datafield ind1=" " ind2=" " tag="310"><subfield code="a">Daily</subfield></datafield><datafield ind1=" " ind2=" " tag="336"><subfield code="a">text</subfield><subfield code="b">txt</subfield><subfield code="2">rdacontent</subfield></datafield><datafield ind1=" " ind2=" " tag="337"><subfield code="a">unmediated</subfield><subfield code="b">n</subfield><subfield code="2">rdamedia</subfield></datafield><datafield ind1=" " ind2=" " tag="338"><subfield code="a">volume</subfield><subfield code="b">nc</subfield><subfield code="2">rdacarrier</subfield></datafield><datafield ind1="1" ind2=" " tag="362"><subfield code="a">Began Oct. 22, 1859.</subfield></datafield><datafield ind1="1" ind2=" " tag="362"><subfield code="a">Ceased in 1879?</subfield><subfield code="z">Cf. NIM, 1948-1972.</subfield></datafield><datafield ind1=" " ind2=" " tag="546"><subfield code="a">In English with partial translation in Spanish.</subfield></datafield><datafield ind1=" " ind2=" " tag="588"><subfield code="a">Description based on: Sept. 19, 1871 issue.</subfield></datafield><datafield ind1="1" ind2=" " tag="700"><subfield code="a">Mansur, John S.</subfield></datafield><datafield ind1=" " ind2=" " tag="752"><subfield code="a">United States</subfield><subfield code="b">Texas</subfield><subfield code="c">Cameron</subfield><subfield code="d">Brownsville.</subfield></datafield><datafield ind1="0" ind2="0" tag="780"><subfield code="t">Daily ranchero (Matamoros, Mex.)</subfield><subfield code="w">(DLC)sn 83025706</subfield></datafield></record>